<record><leader>00000cas a22000007a 4500</leader><controlfield tag="001">12402026</controlfield><controlfield tag="008">850820d18711885gauwr ne      0    0eng d</controlfield><datafield ind1=" " ind2=" " tag="010"><subfield code="a">sn 85034079 </subfield></datafield><datafield ind1=" " ind2=" " tag="040"><subfield code="a">NPU</subfield><subfield code="b">eng</subfield><subfield code="c">NPU</subfield><subfield code="d">NPX</subfield><subfield code="d">NLG</subfield><subfield code="d">GUA</subfield><subfield code="d">OCLCQ</subfield><subfield code="d">OCLCF</subfield><subfield code="d">OCLCO</subfield></datafield><datafield ind1="1" ind2=" " tag="029"><subfield code="a">AU@</subfield><subfield code="b">000025838016</subfield></datafield><datafield ind1=" " ind2=" " tag="042"><subfield code="a">msc</subfield></datafield><datafield ind1=" " ind2=" " tag="043"><subfield code="a">n-us-ga</subfield></datafield><datafield ind1="0" ind2=" " tag="130"><subfield code="a">Weekly Gwinnett herald (Lawrenceville, Ga. : 1871)</subfield></datafield><datafield ind1="1" ind2="0" tag="245"><subfield code="a">Weekly Gwinnett herald.</subfield></datafield><datafield ind1="1" ind2="3" tag="246"><subfield code="a">Gwinnett herald</subfield></datafield><datafield ind1=" " ind2=" " tag="260"><subfield code="a">Lawrenceville, Ga. :</subfield><subfield code="b">T.M. Peeples,</subfield><subfield code="c">[1871]-1885.</subfield></datafield><datafield ind1=" " ind2=" " tag="300"><subfield code="a">v.</subfield></datafield><datafield ind1=" " ind2=" " tag="310"><subfield code="a">Weekly</subfield></datafield><datafield ind1="1" ind2=" " tag="362"><subfield code="a">Began in 1871.</subfield></datafield><datafield ind1="0" ind2=" " tag="362"><subfield code="a">-v. 14, no. 41 (Jan. 6, 1885).</subfield></datafield><datafield ind1=" " ind2=" " tag="500"><subfield code="a">Publishers: Peeples &amp; Yarbrough, &lt;1873&gt;; Peeples &amp; Brackenridge, &lt;1876&gt;.</subfield></datafield><datafield ind1=" " ind2=" " tag="500"><subfield code="a">Recorded as: Gwinnett herald. Cf. Gregory, W. Amer. newspapers.</subfield></datafield><datafield ind1=" " ind2=" " tag="530"><subfield code="a">Also on microfilm: Athens, Ga. : University of Georgia Libraries.</subfield></datafield><datafield ind1=" " ind2=" " tag="588"><subfield code="a">Description based on: Vol. 1, no. 35 (Nov. 8, 1871).</subfield></datafield><datafield ind1=" " ind2="0" tag="651"><subfield code="a">Gwinnett County (Ga.)</subfield><subfield code="v">Newspapers.</subfield></datafield><datafield ind1=" " ind2="7" tag="655"><subfield code="a">Newspapers.</subfield><subfield code="2">fast</subfield><subfield code="0">(OCoLC)fst01423814</subfield></datafield><datafield ind1=" " ind2="7" tag="651"><subfield code="a">Georgia</subfield><subfield code="z">Gwinnett County.</subfield><subfield code="2">fast</subfield><subfield code="0">(OCoLC)fst01211768</subfield></datafield><datafield ind1=" " ind2=" " tag="752"><subfield code="a">United States</subfield><subfield code="b">Georgia</subfield><subfield code="c">Gwinnett</subfield><subfield code="d">Lawrenceville.</subfield></datafield><datafield ind1="0" ind2="0" tag="780"><subfield code="t">Weekly Gwinnett atlas</subfield><subfield code="w">(DLC)sn 89053640</subfield><subfield code="w">(OCoLC)20007091</subfield></datafield><datafield ind1="0" ind2="0" tag="785"><subfield code="t">Gwinnett herald</subfield><subfield code="w">(DLC)sn 89053639</subfield><subfield code="w">(OCoLC)20007102</subfield></datafield></record>